

@article{montgomery2000analytical,
  title={Analytical dispersion force calculations for nontraditional geometries},
  author={Montgomery, Stephen W and Franchek, Matthew A and Goldschmidt, Victor W},
  journal={Journal of Colloid and Interface Science},
  volume={227},
  number={2},
  pages={567--584},
  year={2000},
  publisher={Elsevier}
}



@article{gong2005compressive,
  title={THE COMPRESSIVE RESPONSE OF OPEN-CELL FOAMS },
  author={Gong, Lixin},
  journal={Dissertation, UT Austin},
  volume={},
  number={},
  pages={},
  year={2005},
  publisher={}
}


@article{alim2017local,
  title={Local pore size correlations determine flow distributions in porous media},
  author={Alim, Karen and Parsa, Shima and Weitz, David A and Brenner, Michael P},
  journal={Physical Review Letters},
  volume={119},
  number={14},
  pages={144501},
  year={2017},
  publisher={APS}
}



@article{hacking1996shear,
  title={Shear stress is not sufficient to control growth of vascular networks: a model study},
  author={Hacking, WJ and VanBavel, E and Spaan, JA},
  journal={American Journal of Physiology-Heart and Circulatory Physiology},
  volume={270},
  number={1},
  pages={H364--H375},
  year={1996},
  publisher={American Physiological Society Bethesda, MD}
}




@article{fraggedakis2015flow,
  title={Flow of two immiscible fluids in a periodically constricted tube: transitions to stratified, segmented, churn, spray, or segregated flow},
  author={Fraggedakis, D and Kouris, Ch and Dimakopoulos, Y and Tsamopoulos, J},
  journal={Physics of Fluids},
  volume={27},
  number={8},
  pages={082102},
  year={2015},
  publisher={AIP Publishing LLC}
}

@book{sahimi2011flow,
  title={Flow and transport in porous media and fractured rock: from classical methods to modern approaches},
  author={Sahimi, Muhammad},
  year={2011},
  publisher={John Wiley \& Sons}
}

@article{herzig1970flow,
  title={Flow of suspensions through porous mediaâ€”application to deep filtration},
  author={Herzig, JP and Leclerc, DM and Goff, P Le},
  journal={Industrial \& Engineering Chemistry},
  volume={62},
  number={5},
  pages={8--35},
  year={1970},
  publisher={ACS Publications}
}

@article{tien1979advances,
  title={Advances in deep bed filtration},
  author={Tien, Chi and Payatakes, Alkiviades C},
  journal={AIChE Journal},
  volume={25},
  number={5},
  pages={737--759},
  year={1979},
  publisher={Wiley Online Library}
}

@article{jaisi2008transport,
  title={Transport of single-walled carbon nanotubes in porous media: filtration mechanisms and reversibility},
  author={Jaisi, Deb P and Saleh, Navid B and Blake, Ruth E and Elimelech, Menachem},
  journal={Environmental Science \& Technology},
  volume={42},
  number={22},
  pages={8317--8323},
  year={2008},
  publisher={ACS Publications}
}


@article {schlesinger1999carbon,
	author = {Schlesinger, William H.},
	title = {Carbon Sequestration in Soils},
	volume = {284},
	number = {5423},
	pages = {2095--2095},
	year = {1999},
	publisher = {American Association for the Advancement of Science},
	issn = {0036-8075},
	journal = {Science}
}


@article{duduta2011semi,
  title={Semi-solid lithium rechargeable flow battery},
  author={Duduta, Mihai and Ho, Bryan and Wood, Vanessa C and Limthongkul, Pimpa and Brunini, Victor E and Carter, W Craig and Chiang, Yet-Ming},
  journal={Advanced Energy Materials},
  volume={1},
  number={4},
  pages={511--516},
  year={2011},
  publisher={Wiley Online Library}
}

@article{sun2019hierarchical,
  title={Hierarchical 3D electrodes for electrochemical energy storage},
  author={Sun, Hongtao and Zhu, Jian and Baumann, Daniel and Peng, Lele and Xu, Yuxi and Shakir, Imran and Huang, Yu and Duan, Xiangfeng},
  journal={Nature Reviews Materials},
  volume={4},
  number={1},
  pages={45--60},
  year={2019},
  publisher={Nature Publishing Group}
}


@article{gostick2017versatile,
  title={Versatile and efficient pore network extraction method using marker-based watershed segmentation},
  author={Gostick, Jeff T},
  journal={Physical Review E},
  volume={96},
  number={2},
  pages={023307},
  year={2017},
  publisher={APS}
}

@article{khan2019dual,
  title={Dual network extraction algorithm to investigate multiple transport processes in porous materials: Image-based modeling of pore and grain scale processes},
  author={Khan, Zohaib Atiq and Tranter, Tom and Agnaou, Mehrez and Elkamel, Ali and Gostick, Jeff},
  journal={Computers \& Chemical Engineering},
  volume={123},
  pages={64--77},
  year={2019},
  publisher={Elsevier}
}

@article{fraggedakis_chaparian_tammisola_2021, 
title={The first open channel for yield-stress fluids in porous media},
volume={911},
journal={Journal of Fluid Mechanics},
publisher={Cambridge University Press}, 
author={Fraggedakis, Dimitrios and Chaparian, Emad and Tammisola, Outi}, 
year={2021}, 
pages={A58}
}

@article{fatt1956network,
  title={The network model of porous media},
  author={Fatt, Irving and others},
  journal={Transactions of the AIME},
  volume={207},
  number={01},
  pages={144--181},
  year={1956},
  publisher={Society of Petroleum Engineers}
}

@article{blunt2013pore,
  title={Pore-scale imaging and modelling},
  author={Blunt, Martin J and Bijeljic, Branko and Dong, Hu and Gharbi, Oussama and Iglauer, Stefan and Mostaghimi, Peyman and Paluszny, Adriana and Pentland, Christopher},
  journal={Advances in Water resources},
  volume={51},
  pages={197--216},
  year={2013},
  publisher={Elsevier}
}

@article{stoop2019disorder,
  title={Disorder-induced topological transition in porous media flow networks},
  author={Stoop, Norbert and Waisbord, Nicolas and Kantsler, Vasily and Heinonen, Vili and Guasto, Jeffrey S and Dunkel, J{\"o}rn},
  journal={Journal of Non-Newtonian Fluid Mechanics},
  volume={268},
  pages={66--74},
  year={2019},
  publisher={Elsevier}
}


@article{shima2021,
  title={Unexpected scaling of interstitial velocities with permeability due to polymer
retention in porous media},
  author={Parsa, Shima and Zareei, Ahmad and   Santanach-Carreras,Enric  and  
 Morris,Eliza and  Amir, Ariel and Xiao, Lizi and  Weitz, David A.},
  journal={arXiv},
  volume={},
  pages={},
  year={2021}
}

@article{rad2013pore,
  title={Pore-scale dynamics of salt precipitation in drying porous media},
  author={Rad, Mansoureh Norouzi and Shokri, Nima and Sahimi, Muhammad},
  journal={Physical Review E},
  volume={88},
  number={3},
  pages={032404},
  year={2013},
  publisher={APS}
}

@article{carrel2018biofilms,
  title={Biofilms in 3D porous media: Delineating the influence of the pore network geometry, flow and mass transfer on biofilm development},
  author={Carrel, Maxence and Morales, Ver{\'o}nica L and Beltran, Mario A and Derlon, Nicolas and Kaufmann, Rolf and Morgenroth, Eberhard and Holzner, Markus},
  journal={Water Research},
  volume={134},
  pages={280--291},
  year={2018},
  publisher={Elsevier}
}

@article{akanji2010finite,
  title={Finite element-based characterization of pore-scale geometry and its impact on fluid flow},
  author={Akanji, Lateef T and Matthai, Stephan K},
  journal={Transport in Porous Media},
  volume={81},
  number={2},
  pages={241--259},
  year={2010},
  publisher={Springer}
}

@article{lake2014fundamentals,
  title={Fundamentals of enhanced oil recovery},
  booktitle={Fundamentals of Enhanced Oil Recovery},  
  author={Lake, Larry W and Johns, Russell and Rossen, Bill and Pope, Gary A and others},
  year={2014},
  publisher={Society of Petroleum Engineers Richardson, TX}
}

@article{parsa2020origin,
  title={Origin of anomalous polymer-induced fluid displacement in porous media},
  author={Parsa, Shima and Santanach-Carreras, Enric and Xiao, Lizhi and Weitz, David A},
  journal={Physical Review Fluids},
  volume={5},
  number={2},
  pages={022001},
  year={2020},
  publisher={APS}
}

@article{seymour2004anomalous,
  title={Anomalous fluid transport in porous media induced by biofilm growth},
  author={Seymour, Joseph D and Gage, Justin P and Codd, Sarah L and Gerlach, Robin},
  journal={Physical Review Letters},
  volume={93},
  number={19},
  pages={198103},
  year={2004},
  publisher={APS}
}

@article{marbach2016pruning,
  title={Pruning to increase Taylor dispersion in Physarum polycephalum networks},
  author={Marbach, Sophie and Alim, Karen and Andrew, Natalie and Pringle, Anne and Brenner, Michael P},
  journal={Physical Review Letters},
  volume={117},
  number={17},
  pages={178103},
  year={2016},
  publisher={APS}
}

@article{derr2020flow,
  title={Flow-driven branching in a frangible porous medium},
  author={Derr, Nicholas J and Fronk, David C and Weber, Christoph A and Mahadevan, Amala and Rycroft, Chris H and Mahadevan, L},
  journal={Physical Review Letters},
  volume={125},
  number={15},
  pages={158002},
  year={2020},
  publisher={APS}
}

@article{ocko2015feedback,
  title={Feedback-induced phase transitions in active heterogeneous conductors},
  author={Ocko, Samuel A and Mahadevan, Lakshminarayanan},
  journal={Physical Review Letters},
  volume={114},
  number={13},
  pages={134501},
  year={2015},
  publisher={APS}
}
@article{tero2010rules,
  title={Rules for biologically inspired adaptive network design},
  author={Tero, Atsushi and Takagi, Seiji and Saigusa, Tetsu and Ito, Kentaro and Bebber, Dan P and Fricker, Mark D and Yumiki, Kenji and Kobayashi, Ryo and Nakagaki, Toshiyuki},
  journal={Science},
  volume={327},
  number={5964},
  pages={439--442},
  year={2010},
  publisher={American Association for the Advancement of Science}
}


@article{alim2013random,
  title={Random network peristalsis in Physarum polycephalum organizes fluid flows across an individual},
  author={Alim, Karen and Amselem, Gabriel and Peaudecerf, Fran{\c{c}}ois and Brenner, Michael P and Pringle, Anne},
  journal={Proceedings of the National Academy of Sciences},
  volume={110},
  number={33},
  pages={13306--13311},
  year={2013},
  publisher={National Acad Sciences}
}

@article{heaton2010growth,
  title={Growth-induced mass flows in fungal networks},
  author={Heaton, Luke LM and L{\'o}pez, Eduardo and Maini, Philip K and Fricker, Mark D and Jones, Nick S},
  journal={Proceedings of the Royal Society B: Biological Sciences},
  volume={277},
  number={1698},
  pages={3265--3274},
  year={2010},
  publisher={The Royal Society}
}

@article{schorghofer2004spontaneous,
  title={Spontaneous channelization in permeable ground: Theory, experiment, and observation},
  author={Schorghofer, Norbert and Jensen, Bill and Kudrolli, Arshad and Rothman, Daniel H},
  journal={Journal of Fluid Mechanics},
  volume={503},
  pages={357--374},
  year={2004},
  publisher={Cambridge University Press}
}

@article{mahadevan2012flow,
  title={Flow-induced channelization in a porous medium},
  author={Mahadevan, Amala and Orpe, AV and Kudrolli, A and Mahadevan, L},
  journal={Europhysics Letters},
  volume={98},
  number={5},
  pages={58003},
  year={2012},
  publisher={IOP Publishing}
}

@article{reddi2000permeability,
  title={Permeability reduction of soil filters due to physical clogging},
  author={Reddi, Lakshmi N and Ming, Xiao and Hajra, Malay G and Lee, In Mo},
  journal={Journal of Geotechnical and Geoenvironmental Engineering},
  volume={126},
  number={3},
  pages={236--246},
  year={2000},
  publisher={American Society of Civil Engineers}
}

@article{boccardo2014microscale,
  title={Microscale simulation of particle deposition in porous media},
  author={Boccardo, Gianluca and Marchisio, Daniele L and Sethi, Rajandrea},
  journal={Journal of Colloid and Interface Science},
  volume={417},
  pages={227--237},
  year={2014},
  publisher={Elsevier}
}

@article{yang2017pore,
  title={Pore-network modeling of particle retention in porous media},
  author={Yang, Hongtao and Balhoff, Matthew T},
  journal={AIChE Journal},
  volume={63},
  number={7},
  pages={3118--3131},
  year={2017},
  publisher={Wiley Online Library}
}
@article{datta2013spatial,
  title={Spatial fluctuations of fluid velocities in flow through a three-dimensional porous medium},
  author={Datta, Sujit S and Chiang, Harry and Ramakrishnan, TS and Weitz, David A},
  journal={Physical Review Letters},
  volume={111},
  number={6},
  pages={064501},
  year={2013},
  publisher={APS}
}


@article{coppersmith1996model,
  title={Model for force fluctuations in bead packs},
  author={Coppersmith, SN and Liu, C-h and Majumdar, Satya and Narayan, Onuttom and Witten, TA},
  journal={Physical Review E},
  volume={53},
  number={5},
  pages={4673},
  year={1996},
  publisher={APS}
}

@article{liu1995force,
  title={Force fluctuations in bead packs},
  author={Liu, C-h and Nagel, Sydney R and Schecter, DA and Coppersmith, SN and Majumdar, Satya and Narayan, Onuttom and Witten, TA},
  journal={Science},
  volume={269},
  number={5223},
  pages={513--515},
  year={1995},
  publisher={American Association for the Advancement of Science}
}

@inbook{steeb2007modeling,
author = {Holger Steeb  and Stefan Diebels  and Ioannis Vardoulakis },
title = {Modeling Internal Erosion in Porous Media},
booktitle = {Computer Applications In Geotechnical Engineering},
chapter = {},
pages = {1-10},
abstract = { Internal erosion processes in geomaterials like fluid-saturated sand-gravel layers play a significant role in geotechnical and petroleum engineering. We suggest a general modeling framework within such a solid-liquid phase transition phenomenon can be described. The phenomenological continuum-based model is formulated within the thermodynamically-consistent Theory of Porous Media. The mixture consists of four constituents. Furthermore, mass exchange between a solid and a liquid phase is taken into account. The hydromechanically-driven erosion process is mainly described by the constitutive equation of mass production. The degradation of the stiffness of the solid skeleton is taken into account by a damage-like behavior. }
}

@article{jager2017channelization,
  title={Channelization in porous media driven by erosion and deposition},
  author={J{\"a}ger, Robin and Mendoza, Miller and Herrmann, Hans J{\"u}rgen},
  journal={Physical Review E},
  volume={95},
  number={1},
  pages={013110},
  year={2017},
  publisher={APS}
}


@article{ristroph2012sculpting,
  title={Sculpting of an erodible body by flowing water},
  author={Ristroph, Leif and Moore, Matthew NJ and Childress, Stephen and Shelley, Michael J and Zhang, Jun},
  journal={Proceedings of the National Academy of Sciences},
  volume={109},
  number={48},
  pages={19606--19609},
  year={2012},
  publisher={National Acad Sciences}
}

@article{wan2004investigation,
  title={Investigation of rate of erosion of soils in embankment dams},
  author={Wan, Chi Fai and Fell, Robin},
  journal={Journal of Geotechnical and Geoenvironmental Engineering},
  volume={130},
  number={4},
  pages={373--380},
  year={2004},
  publisher={American Society of Civil Engineers}
}


@article{bryant1993network,
  title={Network model evaluation of permeability and spatial correlation in a real random sphere packing},
  author={Bryant, Steven L and King, Peter R and Mellor, David W},
  journal={Transport in porous media},
  volume={11},
  number={1},
  pages={53--70},
  year={1993},
  publisher={Springer}
}

@article{bryant1993physically,
  title={Physically representative network models of transport in porous media},
  author={Bryant, Steven L and Mellor, David W and Cade, Christopher A},
  journal={AIChE Journal},
  volume={39},
  number={3},
  pages={387--396},
  year={1993},
  publisher={Wiley Online Library}
}

@article{marot2012study,
  title={Study of scale effect in an internal erosion mechanism: centrifuge model and energy analysis},
  author={Marot, Didier and Le, Van Duong and Garnier, Jacques and Thorel, Luc and Audrain, Philippe},
  journal={European Journal of Environmental and Civil Engineering},
  volume={16},
  number={1},
  pages={1--19},
  year={2012},
  publisher={Taylor \& Francis}
}

@article{sibille2015internal,
  title={Internal erosion in granular media: direct numerical simulations and energy interpretation},
  author={Sibille, Luc and Lomin{\'e}, Franck and Poullain, Philippe and Sail, Yacine and Marot, Didier},
  journal={Hydrological Processes},
  volume={29},
  number={9},
  pages={2149--2163},
  year={2015},
  publisher={Wiley Online Library}
}



@article{hu2013adaptation,
  title={Adaptation and optimization of biological transport networks},
  author={Hu, Dan and Cai, David},
  journal={Physical review letters},
  volume={111},
  number={13},
  pages={138701},
  year={2013},
  publisher={APS}
}

@article{corson2010fluctuations,
  title={Fluctuations and redundancy in optimal transport networks},
  author={Corson, Francis},
  journal={Physical Review Letters},
  volume={104},
  number={4},
  pages={048703},
  year={2010},
  publisher={APS}
}

@article{ronellenfitsch2016global,
  title={Global optimization, local adaptation, and the role of growth in distribution networks},
  author={Ronellenfitsch, Henrik and Katifori, Eleni},
  journal={Physical review letters},
  volume={117},
  number={13},
  pages={138301},
  year={2016},
  publisher={APS}
}