

@article{montgomery2000analytical,
  title={Analytical dispersion force calculations for nontraditional geometries},
  author={Montgomery, Stephen W and Franchek, Matthew A and Goldschmidt, Victor W},
  journal={Journal of colloid and interface science},
  volume={227},
  number={2},
  pages={567--584},
  year={2000},
  publisher={Elsevier}
}



@article{gong2005compressive,
  title={THE COMPRESSIVE RESPONSE OF OPEN-CELL FOAMS },
  author={Gong, Lixin},
  journal={Dissertation, UT Austin},
  volume={},
  number={},
  pages={},
  year={2005},
  publisher={}
}
